
@book{weir2021,
	title = {Statistics in Kinesiology},
	author = {Weir, Joseph P. and Vincent, William J.},
	year = {2021},
	date = {2021},
	publisher = {Human Kinetics},
	url = {https://us.humankinetics.com/products/statistics-in-kinesiology-5th-edition-with-web-resource},
	note = {Google-Books-ID: pl7UDwAAQBAJ},
	langid = {en}
}

@misc{(27)int,
	title = {(27) Interpreting Odds Ratio with Two Independent Variables in Binary Logistic Regression using SPSS - YouTube},
	url = {https://www.youtube.com/watch?v=Y56BDHt0uXc}
}

@misc{furtado2022,
	title = {Percentiles},
	author = {Furtado, Ovande},
	year = {2022},
	month = {12},
	date = {2022-12-30},
	url = {https://drfurtado.github.io/randomstats/posts/12302022-percentiles/},
	langid = {en}
}


@misc{humankinetics2021,
	title = {Chapter 3 Percentiles - Mini Lectures},
	author = {Human Kinetics, },
	year = {2021},
	date = {2021},
	url = {http://courses.humankinetics.com/lcourses/SIKWR5E/index.html#/}
}

@book{navarro2022,
	title = {Learning statistics with jamovi: a tutorial for psychology students and other beginners (Version 0.75)},
	author = {Navarro, Danielle J and Foxcroft, David R},
	year = {2022},
	date = {2022},
	publisher = {Danielle J.  Navarro and David R. Foxcroft},
	doi = {10.24384/HGC3-7P15},
	url = {https://www.learnstatswithjamovi.com/},
	note = {DOI: 10.24384/HGC3-7P15}
}

@misc{poulson2019,
	title = {jamovi video tutorials},
	author = {Poulson, Barton},
	year = {2019},
	date = {2019},
	url = {https://www.youtube.com/playlist?list=PLkk92zzyru5OAtc_ItUubaSSq6S_TGfRn}
}

@misc{furtado2023,
	title = {Understanding the Role of Statistics in Kinesiology},
	author = {Furtado, Ovande},
	year = {2023},
	month = {01},
	date = {2023-01-11},
	url = {https://drfurtado.github.io/randomstats/posts/01102023-role-statistics-kinesiology/},
	langid = {en}
}
