
@misc{furtado2023,
	title = {Understanding the Role of Statistics in Kinesiology},
	author = {Furtado, Ovande},
	year = {2023},
	month = {01},
	date = {2023-01-11},
	url = {https://drfurtado.github.io/randomstats/posts/01102023-role-statistics-kinesiology/},
	langid = {en}
}

@misc{furtado2022,
	title = {Percentiles},
	author = {Furtado, Ovande},
	year = {2022},
	month = {12},
	date = {2022-12-30},
	url = {https://drfurtado.github.io/randomstats/posts/12302022-percentiles/},
	langid = {en}
}

@book{navarro2022,
	title = {Learning statistics with jamovi: a tutorial for psychology students and other beginners (Version 0.75)},
	author = {Navarro, Danielle J and Foxcroft, David R},
	year = {2022},
	date = {2022},
	publisher = {Danielle J.  Navarro and David R. Foxcroft},
	doi = {10.24384/HGC3-7P15},
	url = {https://www.learnstatswithjamovi.com/},
	note = {DOI: 10.24384/HGC3-7P15}
}
