
@article{furtado,
	title = {KIN 610 - Spring 2023 - Week 8: Regression Analysis},
	author = {Furtado, Ovande},
	url = {https://drfurtado.github.io/kin610/slides/lec-8.qmd.html#/diagnostics},
	langid = {en}
}
